<record><leader>00000cas a22000007a 4500</leader><controlfield tag="001">22650686</controlfield><controlfield tag="008">901108d19321935mauwr ne      0    0eng d</controlfield><datafield ind1=" " ind2=" " tag="010"><subfield code="a">sn 89062534 </subfield></datafield><datafield ind1=" " ind2=" " tag="040"><subfield code="a">MGN</subfield><subfield code="b">eng</subfield><subfield code="c">MGN</subfield><subfield code="d">OCLCQ</subfield></datafield><datafield ind1=" " ind2=" " tag="042"><subfield code="a">msc</subfield></datafield><datafield ind1="0" ind2=" " tag="130"><subfield code="a">Spectator (Somerset, Mass. : 1932)</subfield></datafield><datafield ind1="1" ind2="4" tag="245"><subfield code="a">The spectator.</subfield></datafield><datafield ind1=" " ind2=" " tag="260"><subfield code="a">Somerset, Mass. :</subfield><subfield code="b">S.L. Hathaway, Jr.</subfield></datafield><datafield ind1=" " ind2=" " tag="300"><subfield code="a">v.</subfield></datafield><datafield ind1=" " ind2=" " tag="310"><subfield code="a">Weekly</subfield></datafield><datafield ind1="0" ind2=" " tag="362"><subfield code="a">Vol. 1, no. 1 (June 30, 1932)-v. 4, no. 11 (Mar. 21, 1935).</subfield></datafield><datafield ind1=" " ind2=" " tag="500"><subfield code="a">Suspended Mar. 17-Oct. 20, 1933.</subfield></datafield><datafield ind1=" " ind2=" " tag="752"><subfield code="a">United States</subfield><subfield code="b">Massachusetts</subfield><subfield code="c">Bristol</subfield><subfield code="d">Somerset.</subfield></datafield><datafield ind1=" " ind2=" " tag="752"><subfield code="a">United States</subfield><subfield code="b">Massachusetts</subfield><subfield code="c">Bristol</subfield><subfield code="d">Swansea.</subfield></datafield><datafield ind1=" " ind2=" " tag="752"><subfield code="a">United States</subfield><subfield code="b">Massachusetts</subfield><subfield code="c">Bristol</subfield><subfield code="d">Dighton.</subfield></datafield><datafield ind1="0" ind2="0" tag="785"><subfield code="t">Spectator and Bristol County farm journal</subfield><subfield code="w">(DLC)sn 89062535</subfield></datafield></record>